@phdthesis{mirra:thesis:2018,
  author = {Mirra, Jake},
  title = {Hölder Continuous Mappings into Sub-Riemannian Manifolds},
  school = {University of Pittsburgh},
  year = {2018},
  address = {Pittsburgh, Pennsylvania, USA}
}

@article{hajlasz:mirra:2013,
  author = {Hajłasz, Piotr and Mirra, Jacob},
  title = {The Lusin Theorem and Horizontal Graphs in the Heisenberg Group},
  journal = {Analysis and Geometry in Metric Spaces},
  year = {2013},
  volume = {1},
  pages = {295--301},
  issn = {2299-3274}
}